<collection xmlns="http://www.loc.gov/MARC21/slim"><record><leader>00769nam  2200253   450</leader><controlfield tag="001">384</controlfield><controlfield tag="003">http://montalegre.opacnet.com/OPAC/default.aspx?ContentAreaControl=ShowRegHoldings.ascx&amp;RegNo=16662</controlfield><datafield tag="010" ind1=" " ind2=" "><subfield code="a">972-9013-36-5</subfield></datafield><datafield tag="021" ind1=" " ind2=" "><subfield code="a">PT</subfield><subfield code="b">43762/91</subfield></datafield><datafield tag="095" ind1=" " ind2=" "><subfield code="a">PTBN00347774</subfield></datafield><datafield tag="100" ind1=" " ind2=" "><subfield code="a">20061013d1991    m  y0pory010305  ba</subfield></datafield><datafield tag="101" ind1="1" ind2=" "><subfield code="a">por</subfield><subfield code="c">ita</subfield></datafield><datafield tag="102" ind1=" " ind2=" "><subfield code="a">PT</subfield></datafield><datafield tag="105" ind1=" " ind2=" "><subfield code="a">y   z   000ay</subfield></datafield><datafield tag="106" ind1=" " ind2=" "><subfield code="a">r</subfield></datafield><datafield tag="200" ind1="1" ind2=" "><subfield code="a">&lt;O &gt;caminho da cidade</subfield><subfield code="e">romance</subfield><subfield code="f">Natalia Ginzburg</subfield><subfield code="g">trad. Anna Alba Caruso</subfield></datafield><datafield tag="210" ind1=" " ind2=" "><subfield code="a">Lisboa</subfield><subfield code="c">Cotovia</subfield><subfield code="d">1991</subfield></datafield><datafield tag="215" ind1=" " ind2=" "><subfield code="a">86, [1] p.</subfield><subfield code="d">21 cm</subfield></datafield><datafield tag="225" ind1="2" ind2=" "><subfield code="a">Livros Cotovia</subfield></datafield><datafield tag="304" ind1=" " ind2=" "><subfield code="a">Tít. orig. : La strada che va in città</subfield></datafield><datafield tag="675" ind1=" " ind2=" "><subfield code="a">821</subfield><subfield code="v">BN</subfield><subfield code="z">por</subfield></datafield><datafield tag="700" ind1=" " ind2="1"><subfield code="a">Ginzburg</subfield><subfield code="b">Natalia</subfield><subfield code="f">1916-1991</subfield></datafield><datafield tag="702" ind1=" " ind2="1"><subfield code="a">Caruso</subfield><subfield code="b">Ana Alba</subfield><subfield code="4">730</subfield></datafield><datafield tag="801" ind1=" " ind2="0"><subfield code="a">PT</subfield><subfield code="b">Biblioteca Municipal de Montalegre</subfield><subfield code="g">RPC</subfield></datafield><datafield tag="909" ind1="&#9;" ind2=" "><subfield code="a">1</subfield></datafield><datafield tag="966" ind1=" " ind2=" "><subfield code="a">0008662</subfield><subfield code="l">BMM</subfield><subfield code="s">SCG 821 GIN cam</subfield></datafield></record></collection>